<?xml version="1.0" encoding="UTF-8"?><collection xmlns="http://www.loc.gov/MARC21/slim"><record><leader>00362nam--2200145-i-4500</leader><controlfield tag="001">000049398</controlfield><controlfield tag="002">20161230</controlfield><controlfield tag="005">20161230201047</controlfield><controlfield tag="008">060222s1000------------r-----000-0-eng-d</controlfield><datafield ind1=" " ind2=" " tag="080"><subfield code="a">658.8:330.123.7</subfield></datafield><datafield ind1=" " ind2=" " tag="100"><subfield code="a">Patriche, D</subfield></datafield><datafield ind1=" " ind2=" " tag="245"><subfield code="a">Marketingul mijloacelor de productie</subfield></datafield><datafield ind1=" " ind2=" " tag="260"><subfield code="a">Bucureti, Inid, 1973, 94p</subfield></datafield><datafield ind1=" " ind2=" " tag="490"><subfield code="a">Sinteza Documentara</subfield></datafield><datafield ind1=" " ind2=" " tag="852"><subfield code="a">39633</subfield></datafield></record></collection>